@article{coombs1987markup,
  title     = {Markup systems and the future of scholarly text processing},
  author    = {Coombs, James H and Renear, Allen H and DeRose, Steven J},
  journal   = {Communications of the ACM},
  volume    = {30},
  number    = {11},
  pages     = {933--947},
  year      = {1987},
  publisher = {ACM}
}

@book{actionablegamification,
  title     = {Actionable Gamification: Beyond Points, Badges, and Leaderboards},
  author    = {Yu-kai Chou},
  journal   = {Communications of the ACM},
  volume    = {69.12},
  number    = {11},
  pages     = {15--17},
  year      = {2015},
  publisher = {CreateSpace Independent Publishing Platform}
}

@online{duolingo,
  title    = {Duolingo, Inc.},
  url      = {https://www.duolingo.com/},
  keywords = {duolingo}
}

@online{whatIsDuolingo,
  title    = {What is Duolingo?},
  url      = {https://support.duolingo.com/hc/en-us/articles/204829090-What-is-Duolingo-},
  keywords = {what is duolingo}
}

@online{koronaszintekDuolingo,
  title    = {Mik azok a koronaszintek?},
  url      = {https://support.duolingo.com/hc/hu/articles/360002254671-Mik-azok-a-koronaszintek-},
  keywords = {koronaszintek, duolingo}
}

@online{szeriaDuolingo,
  title    = {Mi az a széria?},
  url      = {https://support.duolingo.com/hc/hu/articles/204980880-Mi-az-a-sz%C3%A9ria-},
  keywords = {széria, duolingo}
}

@online{dragakoDuolingo,
  title    = {Mik azok a drágakövek/lingotok?},
  url      = {https://support.duolingo.com/hc/hu/articles/360035917472-Mik-azok-a-dr%C3%A1gak%C3%B6vek-lingotok-},
  keywords = {drágakövek, lingotok, duolingo}
}

@online{kahoot,
  title    = {Kahoot!},
  url      = {https://kahoot.com/},
  keywords = {kahoot}
}

@online{competitiveGamingIcon,
  title    = {Flaticon},
  url      = {https://www.flaticon.com/},
  keywords = {flaticon, competitive, gaming}
}

@online{mockflow,
  title    = {Mockflow},
  url      = {https://mockflow.com/},
  keywords = {mockflow, UI planning}
}

@online{candycrush,
  title    = {Candy Crush Saga},
  url      = {http://candycrushsaga.com/},
  keywords = {candycrushsaga}
}

@online{minecraft,
  title    = {Minecraft},
  url      = {https://www.minecraft.net/en-us/},
  keywords = {minecraft}
}

@online{clashOfClans,
  title    = {Clash of Clans},
  url      = {https://supercell.com/en/games/clashofclans/},
  keywords = {clash of clans}
}

@online{distributedSQLServerCache,
  title    = {Distributed SQL Server Cache},
  url      = {https://docs.microsoft.com/en-us/aspnet/core/performance/caching/distributed?view=aspnetcore-5.0},
  keywords = {distributed caching, sql}
}

@online{ebay,
  title    = {eBay},
  url      = {https://www.ebay.com/},
  keywords = {ebay}
}

@online{amazon,
  title    = {Amazon},
  url      = {https://www.amazon.com/},
  keywords = {amazon}
}

@online{facebook,
  title    = {Facebook},
  url      = {https://www.facebook.com/},
  keywords = {facebook}
}

@online{flaticon,
  title    = {Flaticon},
  url      = {https://www.flaticon.com/},
  keywords = {flaticon}
}

@online{typescript,
  title    = {TypeScript},
  url      = {https://www.typescriptlang.org/},
  keywords = {typescript}
}

@online{react,
  title    = {React},
  url      = {https://reactjs.org/},
  keywords = {react}
}